@article{implementing-ntm,
title={Implementing Neural Turing Machines},
author={Collier, Mark and Beel, Joeran},
journal={International Conference on Artificial Neural Networks, ICANN.},
year={2018},
Eprint = {arXiv:1807.08518}
}

@misc{original-ntm,
Author = {Alex Graves and Greg Wayne and Ivo Danihelka},
Title = {Neural Turing Machines},
Year = {2014},
Eprint = {arXiv:1410.5401},
}

@article{original-dnc,
  doi = {10.1038/nature20101},
  url = {https://doi.org/10.1038/nature20101},
  year = {2016},
  month = oct,
  publisher = {Springer Science and Business Media {LLC}},
  volume = {538},
  number = {7626},
  pages = {471--476},
  author = {Alex Graves and Greg Wayne and Malcolm Reynolds and Tim Harley and Ivo Danihelka and Agnieszka Grabska-Barwi{\'{n}}ska and Sergio G{\'{o}}mez Colmenarejo and Edward Grefenstette and Tiago Ramalho and John Agapiou and Adri{\`{a}} Puigdom{\`{e}}nech Badia and Karl Moritz Hermann and Yori Zwols and Georg Ostrovski and Adam Cain and Helen King and Christopher Summerfield and Phil Blunsom and Koray Kavukcuoglu and Demis Hassabis},
  title = {Hybrid computing using a neural network with dynamic external memory},
  journal = {Nature}
}

@article{turing,
  title={On computable numbers, with an application to the Entscheidungsproblem},
  author={Turing, Alan Mathison},
  journal={J. of Math},
  volume={58},
  number={345-363},
  pages={5},
  year={1936}
}

@article{turing1938,
  title={On computable numbers, with an application to the Entscheidungsproblem. A correction},
  author={Turing, Alan Mathison},
  journal={Proceedings of the London Mathematical Society},
  volume={2},
  number={1},
  pages={544--546},
  year={1938},
  publisher={Wiley Online Library}
}

@inproceedings{RNNs-Turing-complete,
  title={On the computational power of neural nets},
  author={Siegelmann, Hava T and Sontag, Eduardo D},
  booktitle={Proceedings of the fifth annual workshop on Computational learning theory},
  pages={440--449},
  year={1992}
}

@misc{ntm-github,
  author = {Mark Collier},
  title = {{NeuralTuringMachine}},
  year = {2018},
  journal = {GitHub repository},
  howpublished = {\url{https://github.com/MarkPKCollier/NeuralTuringMachine}}
}

@misc{ntm-tf2-github,
  author = {wchen342},
  title = {{NeuralTuringMachine - TF 2.0}},
  year = {2019},
  journal = {GitHub repository},
  howpublished = {\url{https://github.com/wchen342/NeuralTuringMachine}}
}

@InProceedings{global-norm-clipping,
  title = 	 {On the difficulty of training recurrent neural networks},
  author = 	 {Razvan Pascanu and Tomas Mikolov and Yoshua Bengio},
  booktitle = 	 {Proceedings of the 30th International Conference on Machine Learning},
  pages = 	 {1310--1318},
  year = 	 {2013},
  editor = 	 {Sanjoy Dasgupta and David McAllester},
  volume = 	 {28},
  number =       {3},
  series = 	 {Proceedings of Machine Learning Research},
  address = 	 {Atlanta, Georgia, USA},
  month = 	 {17--19 Jun},
  publisher = 	 {PMLR},
  pdf = 	 {http://proceedings.mlr.press/v28/pascanu13.pdf},
  url = 	 {http://proceedings.mlr.press/v28/pascanu13.html},
}

@article{von,
  title={First Draft of a Report on the EDVAC},
  author={Von Neumann, John},
  journal={IEEE Annals of the History of Computing},
  volume={15},
  number={4},
  pages={27--75},
  year={1993},
  publisher={IEEE}
}

@inproceedings{lstm-forget,
    title = "Does an {LSTM} forget more than a {CNN}? An empirical study of catastrophic forgetting in {NLP}",
    author = "Arora, Gaurav  and
      Rahimi, Afshin  and
      Baldwin, Timothy",
    booktitle = "Proceedings of the The 17th Annual Workshop of the Australasian Language Technology Association",
    month = "4--6 " # dec,
    year = "2019",
    address = "Sydney, Australia",
    publisher = "Australasian Language Technology Association",
    url = "https://www.aclweb.org/anthology/U19-1011",
    pages = "77--86"
}